<?xml version = "1.0" encoding = "UTF-8"?><OAI-PMH xmlns="http://www.openarchives.org/OAI/2.0/" xmlns:xsi="http://www.w3.org/2001/XMLSchema-instance" xsi:schemaLocation="http://www.openarchives.org/OAI/2.0/ http://www.openarchives.org/OAI/2.0/OAI-PMH.xsd"><ListRecords><record><header><identifier>aleph-publish:016707061</identifier></header><metadata><record xmlns="http://www.ddb.de/professionell/mabxml/mabxml-1.xsd"><leader>------M2.01200024------h</leader><controlfield tag="LDR">------M2.01200024------h</controlfield><controlfield tag="FMT">MH</controlfield><datafield tag="001" ind1="-" ind2="1"><subfield code="a">HT015577620</subfield></datafield><datafield tag="002" ind1="a" ind2="1"><subfield code="a">20080626</subfield></datafield><datafield tag="003" ind1="-" ind2="1"><subfield code="a">20130510</subfield></datafield><datafield tag="026" ind1="-" ind2="1"><subfield code="a">HBZHT015577620</subfield></datafield><controlfield tag="030">a|1uc||||||27</controlfield><datafield tag="036" ind1="a" ind2="1"><subfield code="a">DE</subfield></datafield><datafield tag="037" ind1="b" ind2="1"><subfield code="a">ger</subfield></datafield><controlfield tag="050">a|||||||||||||</controlfield><controlfield tag="052">r||||||||||||||</controlfield><datafield tag="070" ind1="-" ind2="1"><subfield code="a">385</subfield></datafield><datafield tag="070" ind1="b" ind2="1"><subfield code="a">468</subfield></datafield><datafield tag="080" ind1="-" ind2="1"><subfield code="a">60</subfield></datafield><datafield tag="200" ind1="-" ind2="1"><subfield code="k">Institut für Dokumentologie und Editorik</subfield><subfield code="h">Köln</subfield><subfield code="9">(DE-588)6521152-2</subfield></datafield><datafield tag="201" ind1="-" ind2="1"><subfield code="k">IDE</subfield></datafield><datafield tag="201" ind1="-" ind2="1"><subfield code="k">Institut für Dokumentologie und Editorik</subfield></datafield><datafield tag="201" ind1="-" ind2="1"><subfield code="k">IDE</subfield><subfield code="h">Institut für Dokumentologie und Editorik</subfield></datafield><datafield tag="201" ind1="-" ind2="1"><subfield code="k">IDE</subfield><subfield code="h">Institut für Dokumentologie und Editorik, Köln</subfield></datafield><datafield tag="331" ind1="a" ind2="1"><subfield code="a">Schriften des Instituts für Dokumentologie und Editorik</subfield></datafield><datafield tag="405" ind1="-" ind2="1"><subfield code="a">1.2008 -</subfield></datafield><datafield tag="410" ind1="-" ind2="1"><subfield code="a">Norderstedt</subfield></datafield><datafield tag="412" ind1="-" ind2="1"><subfield code="a">Books on Demand</subfield></datafield><datafield tag="425" ind1="b" ind2="1"><subfield code="a">2008</subfield></datafield><controlfield tag="SYS">016707061</controlfield><datafield tag="LOW" ind1="-" ind2="1"><subfield code="a">B2001</subfield></datafield><datafield tag="LOW" ind1="-" ind2="1"><subfield code="a">C0001</subfield></datafield><datafield tag="LOW" ind1="-" ind2="1"><subfield code="a">K0001</subfield></datafield><datafield tag="LOW" ind1="-" ind2="1"><subfield code="a">M0001</subfield></datafield><datafield tag="LOW" ind1="-" ind2="1"><subfield code="a">M1062</subfield></datafield><datafield tag="LOW" ind1="-" ind2="1"><subfield code="a">M1088</subfield></datafield><datafield tag="LOW" ind1="-" ind2="1"><subfield code="a">Q0001</subfield></datafield><datafield tag="LOW" ind1="-" ind2="1"><subfield code="a">Q1016</subfield></datafield><datafield tag="LOW" ind1="-" ind2="1"><subfield code="a">R0003</subfield></datafield><datafield tag="LOW" ind1="-" ind2="1"><subfield code="a">L0001</subfield></datafield><datafield tag="LOW" ind1="-" ind2="1"><subfield code="a">Q1064</subfield></datafield><datafield tag="LOW" ind1="-" ind2="1"><subfield code="a">B4011</subfield></datafield><datafield tag="LOW" ind1="-" ind2="1"><subfield code="a">Z9037</subfield></datafield><datafield tag="LOW" ind1="-" ind2="1"><subfield code="a">K1131</subfield></datafield><datafield tag="088" ind1=" " ind2=" "><subfield code="a">Kn 28</subfield><subfield code="b">MAG</subfield><subfield code="e">Normalausleihe</subfield></datafield><datafield tag="088" ind1=" " ind2=" "><subfield code="a">Hag 4</subfield><subfield code="b">HA</subfield><subfield code="e">Keine Ausleihe</subfield></datafield><datafield tag="088" ind1=" " ind2=" "><subfield code="a">465</subfield></datafield><datafield tag="088" ind1=" " ind2=" "><subfield code="a">385</subfield></datafield><datafield tag="088" ind1=" " ind2=" "><subfield code="a">294/11</subfield></datafield><datafield tag="088" ind1=" " ind2=" "><subfield code="a">6/182</subfield></datafield><datafield tag="088" ind1=" " ind2=" "><subfield code="a">107</subfield></datafield><datafield tag="088" ind1=" " ind2=" "><subfield code="a">121</subfield></datafield><datafield tag="088" ind1=" " ind2=" "><subfield code="a">468</subfield></datafield><datafield tag="088" ind1=" " ind2=" "><subfield code="a">294/23</subfield></datafield><datafield tag="088" ind1=" " ind2=" "><subfield code="a">38</subfield></datafield><datafield tag="088" ind1=" " ind2=" "><subfield code="a">6</subfield></datafield><datafield tag="088" ind1=" " ind2=" "><subfield code="a">466</subfield></datafield><datafield tag="088" ind1=" " ind2=" "><subfield code="a">361</subfield></datafield><datafield tag="088" ind1=" " ind2=" "><subfield code="a">6/152</subfield></datafield><datafield tag="088" ind1=" " ind2=" "><subfield code="a">5</subfield></datafield><datafield tag="088" ind1=" " ind2=" "><subfield code="a">61</subfield></datafield><datafield tag="088" ind1=" " ind2=" "><subfield code="a">5/13</subfield></datafield><datafield tag="088" ind1=" " ind2=" "><subfield code="a">575</subfield></datafield><datafield tag="088" ind1=" " ind2=" "><subfield code="a">Tr 2</subfield></datafield><datafield tag="088" ind1=" " ind2=" "><subfield code="a">51</subfield></datafield><datafield tag="088" ind1=" " ind2=" "><subfield code="a">38/432</subfield></datafield><datafield tag="088" ind1=" " ind2=" "><subfield code="a">5/20</subfield></datafield></record></metadata></record></ListRecords></OAI-PMH>